@Book{chmielewski,
 author    = "Richard D. Klafter, Thomas Chmielewski, Michael Hegin",
 title     = "Robotics Engineering: An Integrated Approach",
 publisher = "Prentice Hall",
 year      =  1989
}

@INPROCEEDINGS{5686315,
author={Kim, J.H.},
booktitle={Humanoid Robots (Humanoids), 2010 10th IEEE-RAS International Conference on},
title={Motion planning of optimal throw for whole-body humanoid},
year={2010},
month={dec.},
volume={},
number={},
pages={21 -26},
keywords={actuator torque;arm movement;associated dynamic feature;biped balance;ground reaction load;maximum distance throwing;motion planning;object projectile;optimal throw;realistic human like motion;release parameter;rigorous dynamic model;sidearm throw;throwing motion;torso movement;whole body humanoid;zero moment point;actuators;humanoid robots;legged locomotion;path planning;projectiles;torque control;},
doi={10.1109/ICHR.2010.5686315},
ISSN={},}

@book{bigley1978resonance,
  title={Resonance Equalization in Feedback Control Systems},
  author={Bigley, W.J. and Rizzo, V.},
  year={1978}
}


@book{kwatny2000nonlinear,
  title={Nonlinear Control and Analytical Mechanics: A Computational Approach},
  author={Kwatny, H.G. and Blankenship, G.},
  isbn={9783764341473},
  lccn={00039793},
  series={Control engineering},
  year={2000},
  publisher={Birkh{\"a}user}
}

@book{isidori1995nonlinear,
  title={Nonlinear Control Systems},
  author={Isidori, A.},
  number={v. 1},
  isbn={9783540199168},
  lccn={95014976},
  series={Communications and Control Engineering Series},
  year={1995},
  publisher={Springer}
}



@ARTICLE{5730488, 
author={Song-Manguelle, J. and Sihler, C. and Schramm, S.}, 
journal={Industry Applications, IEEE Transactions on}, title={A General Approach of Damping Torsional Resonance Modes in Multimegawatt Applications}, 
year={2011}, 
month={may-june }, 
volume={47}, 
number={3}, 
pages={1390 -1399}, 
doi={10.1109/TIA.2011.2128292}, 
ISSN={0093-9994},}


@ARTICLE{681228, 
author={Koronki, P. and Hashimoto, H. and Utkin, V.}, 
journal={Industrial Electronics, IEEE Transactions on}, title={Direct torsion control of flexible shaft in an observer-based discrete-time sliding mode}, 
year={1998}, 
month={apr}, 
volume={45}, 
number={2}, 
pages={291 -296}, 
keywords={DC servo gear motor;control loops;controller;direct torsion control;encoder feedback;flexible shaft;inertia load;observer-based discrete-time sliding mode;outer angular speed control loop;reference signal calculation;speed control method;transputer;two-mass system;DC motors;angular velocity control;discrete time systems;machine control;mechanical variables control;observers;servomotors;torsion;variable structure systems;}, 
doi={10.1109/41.681228}, 
ISSN={0278-0046},}







